This file was created with JabRef 1.8.
Encoding: Cp1252

@misc{ictlab,
author = {ICTLab Website},
howpublished = {http://ictlab.usth.edu.vn/},
note = {Accessed September, 2017}
}

@article{liu2008automatic,
  title={Automatic estimation and removal of noise from a single image},
  author={Liu, Ce and Szeliski, Richard and Kang, Sing Bing and Zitnick, C Lawrence and Freeman, William T},
  journal={IEEE transactions on pattern analysis and machine intelligence},
  volume={30},
  number={2},
  pages={299--314},
  year={2008},
  publisher={IEEE}
}

@inproceedings{chang2008adaptive,
  title={An adaptive median filter for image denoising},
  author={Chang, Chin-Chen and Hsiao, Ju-Yuan and Hsieh, Chih-Ping},
  booktitle={Intelligent Information Technology Application, 2008. IITA'08. Second International Symposium on},
  volume={2},
  pages={346--350},
  year={2008},
  organization={IEEE}
}

@article{chen1999tri,
  title={Tri-state median filter for image denoising},
  author={Chen, Tao and Ma, Kai-Kuang and Chen, Li-Hui},
  journal={IEEE Transactions on Image processing},
  volume={8},
  number={12},
  pages={1834--1838},
  year={1999},
  publisher={IEEE}
}

@article{portilla2003image,
  title={Image denoising using scale mixtures of Gaussians in the wavelet domain},
  author={Portilla, Javier and Strela, Vasily and Wainwright, Martin J and Simoncelli, Eero P},
  journal={IEEE Transactions on Image processing},
  volume={12},
  number={11},
  pages={1338--1351},
  year={2003},
  publisher={IEEE}
}

@article{fan2001image,
  title={Image denoising using a local contextual hidden Markov model in the wavelet domain},
  author={Fan, Guoliang and Xia, Xiang-Gen},
  journal={IEEE signal processing letters},
  volume={8},
  number={5},
  pages={125--128},
  year={2001},
  publisher={IEEE}
}


@inproceedings{yue2014cid,
  title={CID: Combined image denoising in spatial and frequency domains using web images},
  author={Yue, Huanjing and Sun, Xiaoyan and Yang, Jingyu and Wu, Feng},
  booktitle={Proceedings of the IEEE Conference on Computer Vision and Pattern Recognition},
  pages={2933--2940},
  year={2014}
}

@article{donoho1995noising,
  title={De-noising by soft-thresholding},
  author={Donoho, David L},
  journal={IEEE transactions on information theory},
  volume={41},
  number={3},
  pages={613--627},
  year={1995},
  publisher={IEEE}
}

@article{DENGWEN20081694,
title = "Image denoising with an optimal threshold and neighbouring window",
journal = "Pattern Recognition Letters",
volume = "29",
number = "11",
pages = "1694 - 1697",
year = "2008",
note = "",
issn = "0167-8655",
doi = "http://dx.doi.org/10.1016/j.patrec.2008.04.014",
url = "http://www.sciencedirect.com/science/article/pii/S0167865508001542",
author = "Zhou Dengwen and Cheng Wengang",
keywords = "Image denoising",
keywords = "Adaptive",
keywords = "Dual tree",
keywords = "Wavelet transforms",
keywords = "Neighbourhood"
}

@INPROCEEDINGS{4566501, 
author={D. Zhou and X. Shen}, 
booktitle={2008 Congress on Image and Signal Processing}, 
title={Image Denoising Using Block Thresholding}, 
year={2008}, 
volume={3}, 
pages={335-338}, 
keywords={AWGN;Additive white noise;Computer science;Image denoising;Image generation;Noise reduction;PSNR;Signal processing;Wavelet coefficients;Wavelet transforms}, 
doi={10.1109/CISP.2008.131}, 
month={May},}

@article{donoho1995adapting,
  title={Adapting to unknown smoothness via wavelet shrinkage},
  author={Donoho, David L and Johnstone, Iain M},
  journal={Journal of the american statistical association},
  volume={90},
  number={432},
  pages={1200--1224},
  year={1995},
  publisher={Taylor \& Francis Group}
}