This file was created with JabRef 1.8.
Encoding: Cp1252

@misc{ictlab,
author = {ICTLab Website},
howpublished = {http://ictlab.usth.edu.vn/},
note = {Accessed September, 2017}
}

@article{liu2008automatic,
  title={Automatic estimation and removal of noise from a single image},
  author={Liu, Ce and Szeliski, Richard and Kang, Sing Bing and Zitnick, C Lawrence and Freeman, William T},
  journal={IEEE transactions on pattern analysis and machine intelligence},
  volume={30},
  number={2},
  pages={299--314},
  year={2008},
  publisher={IEEE}
}

@inproceedings{chang2008adaptive,
  title={An adaptive median filter for image denoising},
  author={Chang, Chin-Chen and Hsiao, Ju-Yuan and Hsieh, Chih-Ping},
  booktitle={Intelligent Information Technology Application, 2008. IITA'08. Second International Symposium on},
  volume={2},
  pages={346--350},
  year={2008},
  organization={IEEE}
}

@article{chen1999tri,
  title={Tri-state median filter for image denoising},
  author={Chen, Tao and Ma, Kai-Kuang and Chen, Li-Hui},
  journal={IEEE Transactions on Image processing},
  volume={8},
  number={12},
  pages={1834--1838},
  year={1999},
  publisher={IEEE}
}

@article{portilla2003image,
  title={Image denoising using scale mixtures of Gaussians in the wavelet domain},
  author={Portilla, Javier and Strela, Vasily and Wainwright, Martin J and Simoncelli, Eero P},
  journal={IEEE Transactions on Image processing},
  volume={12},
  number={11},
  pages={1338--1351},
  year={2003},
  publisher={IEEE}
}

@article{fan2001image,
  title={Image denoising using a local contextual hidden Markov model in the wavelet domain},
  author={Fan, Guoliang and Xia, Xiang-Gen},
  journal={IEEE signal processing letters},
  volume={8},
  number={5},
  pages={125--128},
  year={2001},
  publisher={IEEE}
}